<record><leader>00000cas a2200000 a 4500</leader><controlfield tag="001">19762112</controlfield><controlfield tag="008">890525d19071924nyudr ne      0    0eng c</controlfield><datafield ind1=" " ind2=" " tag="010"><subfield code="a">sn 88073059 </subfield></datafield><datafield ind1=" " ind2=" " tag="040"><subfield code="a">YOX</subfield><subfield code="b">eng</subfield><subfield code="c">YOX</subfield><subfield code="d">NYS</subfield><subfield code="d">CRL</subfield><subfield code="d">NYS</subfield><subfield code="d">KRTAS</subfield><subfield code="d">OCLCQ</subfield><subfield code="d">OCLCF</subfield><subfield code="d">OCLCO</subfield></datafield><datafield ind1="1" ind2=" " tag="029"><subfield code="a">AU@</subfield><subfield code="b">000020566414</subfield></datafield><datafield ind1=" " ind2=" " tag="042"><subfield code="a">pcc</subfield></datafield><datafield ind1=" " ind2=" " tag="043"><subfield code="a">n-us-ny</subfield></datafield><datafield ind1="0" ind2="0" tag="245"><subfield code="a">Bronx home news.</subfield></datafield><datafield ind1=" " ind2=" " tag="260"><subfield code="a">Borough of the Bronx [N.Y.] :</subfield><subfield code="b">Bronx Home News,</subfield><subfield code="c">1907-1924.</subfield></datafield><datafield ind1=" " ind2=" " tag="300"><subfield code="a">v.</subfield></datafield><datafield ind1=" " ind2=" " tag="310"><subfield code="a">Daily,</subfield><subfield code="b">&lt;Nov. 6, 1922-&gt;</subfield></datafield><datafield ind1=" " ind2=" " tag="321"><subfield code="a">Semiweekly,</subfield><subfield code="b">&lt;July 1, 1915-Dec. 29, 1915&gt;</subfield></datafield><datafield ind1=" " ind2=" " tag="321"><subfield code="a">Weekly,</subfield><subfield code="b">&lt;Jan. 26, 1907-1918&gt;</subfield></datafield><datafield ind1=" " ind2=" " tag="321"><subfield code="a">Triweekly,</subfield><subfield code="b">&lt;Apr. 2, 1918&gt;-1922</subfield></datafield><datafield ind1="0" ind2=" " tag="362"><subfield code="a">Vol. 1, no. 1 (Jan. 26, 1907)-v. 18, no. 270 (Sept. 30, 1924).</subfield></datafield><datafield ind1=" " ind2=" " tag="515"><subfield code="a">Vol. 12 omitted from numbering.</subfield></datafield><datafield ind1=" " ind2=" " tag="530"><subfield code="a">Also issued on microfilm from the New York Public Library.</subfield></datafield><datafield ind1=" " ind2="0" tag="651"><subfield code="a">Bronx (New York, N.Y.)</subfield><subfield code="v">Newspapers.</subfield></datafield><datafield ind1=" " ind2="0" tag="651"><subfield code="a">Bronx County (N.Y.)</subfield><subfield code="v">Newspapers.</subfield></datafield><datafield ind1=" " ind2="0" tag="651"><subfield code="a">New York (N.Y.)</subfield><subfield code="v">Newspapers.</subfield></datafield><datafield ind1=" " ind2="7" tag="655"><subfield code="a">Newspapers.</subfield><subfield code="2">fast</subfield><subfield code="0">(OCoLC)fst01423814</subfield></datafield><datafield ind1=" " ind2="7" tag="651"><subfield code="a">New York (State)</subfield><subfield code="z">Bronx County.</subfield><subfield code="2">fast</subfield><subfield code="0">(OCoLC)fst01246823</subfield></datafield><datafield ind1=" " ind2="7" tag="651"><subfield code="a">New York (State)</subfield><subfield code="z">New York.</subfield><subfield code="2">fast</subfield><subfield code="0">(OCoLC)fst01204333</subfield></datafield><datafield ind1=" " ind2="7" tag="651"><subfield code="a">New York (State)</subfield><subfield code="z">New York</subfield><subfield code="z">Bronx.</subfield><subfield code="2">fast</subfield><subfield code="0">(OCoLC)fst01313050</subfield></datafield><datafield ind1=" " ind2=" " tag="752"><subfield code="a">United States</subfield><subfield code="b">New York</subfield><subfield code="c">Bronx</subfield><subfield code="d">Bronx.</subfield></datafield><datafield ind1=" " ind2=" " tag="752"><subfield code="a">United States</subfield><subfield code="b">New York</subfield><subfield code="d">New York.</subfield></datafield><datafield ind1="0" ind2=" " tag="775"><subfield code="t">Harlem home news</subfield><subfield code="w">(DLC)sn 88073058</subfield><subfield code="w">(OCoLC)19762319</subfield></datafield><datafield ind1="0" ind2=" " tag="775"><subfield code="t">Home news (New York, N.Y. : Harlem ed.)</subfield><subfield code="w">(DLC)sn 88073063</subfield><subfield code="w">(OCoLC)19762383</subfield></datafield><datafield ind1="0" ind2=" " tag="775"><subfield code="t">Home news (New York, N.Y. : Harlem and Washington Heights ed.)</subfield><subfield code="w">(DLC)sn 88073060</subfield><subfield code="w">(OCoLC)19762153</subfield></datafield><datafield ind1="0" ind2=" " tag="775"><subfield code="t">Home news (New York, N.Y. : Yorkville ed.)</subfield><subfield code="w">(DLC)sn 88073061</subfield><subfield code="w">(OCoLC)19762214</subfield></datafield><datafield ind1="0" ind2=" " tag="775"><subfield code="t">Home news (New York, N.Y. : Washington Heights ed.)</subfield><subfield code="w">(DLC)sn 88073064</subfield><subfield code="w">(OCoLC)19762255</subfield></datafield><datafield ind1="0" ind2=" " tag="775"><subfield code="t">Home news (New York, N.Y. : East Harlem and Yorkville ed.)</subfield><subfield code="w">(DLC)sn 88073065</subfield><subfield code="w">(OCoLC)19762282</subfield></datafield><datafield ind1="0" ind2=" " tag="775"><subfield code="t">Home news (New York, N.Y. : Washington Heights and West Harlem ed.)</subfield><subfield code="w">(DLC)   00225458</subfield><subfield code="w">(OCoLC)43846229</subfield></datafield><datafield ind1="0" ind2="0" tag="785"><subfield code="t">Home news (New York, N.Y. : Bronx and Manhattan ed.)</subfield><subfield code="w">(DLC)sn 83030535</subfield><subfield code="w">(OCoLC)9612835</subfield></datafield><datafield ind1=" " ind2=" " tag="938"><subfield code="a">Kirtas Technologies, Inc.</subfield><subfield code="b">KRTS</subfield><subfield code="n">740300</subfield></datafield></record>